@article{tola2010daisy,
	title={Daisy: An efficient dense descriptor applied to wide-baseline stereo},
	author={Tola, Engin and Lepetit, Vincent and Fua, Pascal},
	journal={IEEE transactions on pattern analysis and machine intelligence},
	volume={32},
	number={5},
	pages={815--830},
	year={2010},
	publisher={IEEE}
}

@inproceedings{bouvier2008,
author = {Bouvier, Christian and Benoit, Alexandre and Caplier, Alice and Coulon, Pierre-Yves},
year = {2008},
month = {October},
pages = {1093--1102},
booktitle={ Proceedings of the 10th International Conference on Advanced Concepts for Intelligent Vision Systems},
title = {Open or Closed Mouth State Detection: Static Supervised Classification Based on Log-Polar Signature},
volume = {5259},
doi = {10.1007/978-3-540-88458-3_99}
}

